@misc{idris,
  title={Idris - Systems Programming Meets Full Dependent Types},
  howpublished={\url{https://dl.acm.org/citation.cfm?doid=1929529.1929536}}
}
