@misc{safer-smart-contracts,
  title={Safer smart contracts through type-driven development},
  howpublished={\url{https://publications.lib.chalmers.se/records/fulltext/234939/234939.pdf}}
}

@misc{idris,
  title={Idris - Systems Programming Meets Full Dependent Types},
  howpublished={\url{https://dl.acm.org/citation.cfm?doid=1929529.1929536}}
}
